<?xml version='1.0' encoding='UTF-8'?>
<record xmlns="http://www.loc.gov/MARC21/slim">
  <leader>00914cam a2200241   4500</leader>
  <controlfield tag="001">2755597</controlfield>
  <controlfield tag="003">NjP</controlfield>
  <controlfield tag="005">20171010173017.0</controlfield>
  <controlfield tag="008">890329s1961    sy a          000 0 arar </controlfield>
  <datafield tag="024" ind1="7" ind2=" ">
    <subfield code="a">princeton_aco002512</subfield>
    <subfield code="2">local</subfield>
  </datafield>
  <datafield ind1=" " ind2=" " tag="010">
    <subfield code="a">ne 64000246  </subfield>
  </datafield>
  <datafield ind1=" " ind2=" " tag="035">
    <subfield code="a">(OCoLC)ocm19475151</subfield>
  </datafield>
  <datafield ind1=" " ind2=" " tag="035">
    <subfield code="9">CNE9028TS</subfield>
  </datafield>
  <datafield ind1=" " ind2=" " tag="040">
    <subfield code="a">DLC</subfield>
    <subfield code="c">CUY</subfield>
    <subfield code="d">CUY</subfield>
    <subfield code="d">PUL</subfield>
  </datafield>
  <datafield ind1="0" ind2=" " tag="050">
    <subfield code="a">GT2786.S9</subfield>
    <subfield code="b">A55</subfield>
  </datafield>
  <datafield ind1="1" ind2=" " tag="110">
    <subfield code="a">Syria. Wizārat al-Thaqāfah wa-al-Irshād al-Qawmī.</subfield>
    <subfield code="0">http://id.loc.gov/authorities/names/n82055076</subfield>
  </datafield>
  <datafield ind1="1" ind2="0" tag="245">
    <subfield code="a">Taqālīd al-zawāj fī al-iqlīm al-Sūrī.</subfield>
  </datafield>
  <datafield ind1=" " ind2=" " tag="260">
    <subfield code="a">[Dimashq]</subfield>
    <subfield code="b">Dāʾirat al-Funūn al-Shaʻbīyah,</subfield>
    <subfield code="c">[1961]</subfield>
  </datafield>
  <datafield ind1=" " ind2=" " tag="300">
    <subfield code="a">183 p.</subfield>
    <subfield code="b">illus.</subfield>
    <subfield code="c">24 cm.</subfield>
  </datafield>
  <datafield ind1=" " ind2=" " tag="500">
    <subfield code="a">At head of title: Wizārat al-Thaqāfah wa-al-Irshād al-Qawmī lil-Iqlīm al-Sūrī.</subfield>
  </datafield>
  <datafield ind1=" " ind2=" " tag="500">
    <subfield code="a">In Arabic.</subfield>
  </datafield>
  <datafield ind1=" " ind2="0" tag="650">
    <subfield code="a">Marriage customs and rites</subfield>
    <subfield code="z">Syria.</subfield>
  </datafield>
  <datafield ind1=" " ind2=" " tag="945">
    <subfield code="a">F</subfield>
    <subfield code="b">1</subfield>
    <subfield code="c">2276.075.389</subfield>
  </datafield>
  <datafield ind1=" " ind2=" " tag="911">
    <subfield code="a">20000130</subfield>
  </datafield>
  <datafield ind1="0" ind2="0" tag="852">
    <subfield code="0">3066345</subfield>
    <subfield code="b">nec</subfield>
    <subfield code="t">1</subfield>
    <subfield code="h">GT2786.S9</subfield>
    <subfield code="i">A55 1961</subfield>
  </datafield>
  <datafield ind1=" " ind2=" " tag="959">
    <subfield code="a">2009-07-02 12:36:49 -0500</subfield>
  </datafield>
</record>
